@incollection{AuteurAnnee,
author = {Auteur},
title = {Title de l'ouvrage},
booktitle = {Collection},
year = {Année},
editor = {Editeur},
publisher = {{Maison d'édition}},
}

@online{Site:abreviation,
author = {{Auteur}},
title = {Titre de la page},
url = {Lien de la page},
organization = {Organisation},
date = {1900-01-01},
}

@Manual{Organisme:Numeronorme-Annee,
title = {Titre de la norme},
key = {Numero de la norme},
organization = {Organisme de normalisation},
year = {1900},
}