%--------------------------------------
%entrées pour le template
%--------------------------------------

@report{AOCDTF:RPT2021,
author = {Bruno Douchy},
title = {Recueil de programmations types},
institution = {AOCDTF},
year = {2021},
url = {https://github.com/aocdtf-mta/AOCDTF-template/blob/main/matiere/cours/master.pdf},
}


@incollection{Douchy2021,
author = {Bruno Douchy},
title = {Titre d'un livre de référence issu d'une collection},
booktitle = {Collection XYZ},
year = {2021},
editor = {Un éditeur},
publisher = {{Une maison d'édition}},
}

@online{Github:AOCDTFtemplatewiki,
author = {{Bruno Douchy}},
title = {Wiki du template AOCDTF},
url = {https://github.com/aocdtf-mta/AOCDTF-template/wiki},
urldate = {2021-04-20},
organization = {Métier des Technologies Associées},
date = {2021-02-10},
}

@manual{ISO:80000-2013,
organization = "AFNOR",
title = "Grandeurs et unités",
number = "ISO 80000",
date = {2013},
}

@Manual{ISO:9001-2015,
title = {Systèmes de management de la qualité},
key = {9001},
organization = {International Organization for Standardization},
year = {2015},
}

@online{Wiki:NDS,
author = {{Contributeurs Wikipedia}},
title = {Notations delta en sciences},
url = {https://fr.wikipedia.org/wiki/Notations_delta_en_sciences},
urldate = {2021-04-20},
organization = {Wikimédia},
date = {2019-09-02},
}